@INPROCEEDINGS{fuzzycpu, 
author={A. {Pourali} and A. M. {Rahmani}}, 
booktitle={International Association of Computer Science and Information Technology - Spring Conference}, 
title={A Fuzzy-Based Scheduling Algorithm for Prediction of Next CPU-Burst Time to Implement Shortest Process Next}, 
year={2009}}

@inproceedings{helmy2015machine,
  title={A machine learning-based approach to estimate the CPU-burst time for processes in the computational grids},
  author={Helmy, T. and Al-Azani, S. and Bin-Obaidellah, O.},
  booktitle={3rd International Conference on Artificial Intelligence, Modelling and Simulation (AIMS)},
  year={2015}
}

@INPROCEEDINGS{predictjobcompletion, 
author={X. {Chen} and C. {Lu} and K. {Pattabiraman}}, 
booktitle={43rd IEEE/IFIP Conference on Dependable Systems and Networks Workshop (DSN-W)}, 
title={{Predicting Job Completion Times Using System Logs in Supercomputing Clusters}}, 
year={2013}}